@Article{juliani2018unity,
  title={Unity: A General Platform for Intelligent Agents},
  author={Juliani, Arthur and Berges, Vincent-Pierre and Teng, Ervin and Cohen, Andrew and Harper, Jonathan and Elion, Chris and Goy, Chris and Gao, Yuan and Henry, Hunter and Mattar, Marwan and Lange, Danny},
  journal={arXiv preprint arXiv:1809.02627},
  year={2020},
  doi={10.48550/arXiv.1809.02627}
}

@InProceedings{haarnoja2018soft,
  title={Soft Actor-Critic: Off-Policy Maximum Entropy Deep Reinforcement Learning with a Stochastic Actor},
  author={Haarnoja, Tuomas and Zhou, Aurick and Abbeel, Pieter and Levine, Sergey},
  booktitle={International Conference on Machine Learning},
  year={2018},
  doi={10.48550/arXiv.1801.01290}
}

@Online{unityweb,
  title={Unity},
  author={Unity},
  year={2022},
  url={https://unity.com/},
  urldate={2022-04-04}
}

@Online{unitydocnavmesh,
  title={Unity Manual - Building a NavMesh},
  author={Unity},
  year={2022},
  url={https://docs.unity3d.com/2023.1/Documentation/Manual/nav-BuildingNavMesh.html},
  urldate={2022-11-29}
}

@Online{unitydocasset,
  title={Unity Manual - Asset workflow},
  author={Unity},
  year={2022},
  url={https://docs.unity3d.com/2023.1/Documentation/Manual/AssetWorkflow.html},
  urldate={2022-11-30}
}

@Online{unitydocscene,
  title={Unity Manual - Scenes},
  author={Unity},
  year={2022},
  url={https://docs.unity3d.com/2023.1/Documentation/Manual/CreatingScenes.html},
  urldate={2022-11-30}
}

@Online{unitydocgameobj,
  title={Unity Manual - GameObjects},
  author={Unity},
  year={2022},
  url={https://docs.unity3d.com/2023.1/Documentation/Manual/GameObjects.html},
  urldate={2022-11-30}
}

@Online{unitydoccomp,
  title={Unity Manual - Introduction to components},
  author={Unity},
  year={2022},
  url={https://docs.unity3d.com/2022.2/Documentation/Manual/Components.html},
  urldate={2022-11-30}
}

@Online{unitydocscripts,
  title={Unity Manual - Creating and Using Scripts},
  author={Unity},
  year={2022},
  url={https://docs.unity3d.com/2023.1/Documentation/Manual/CreatingAndUsingScripts.html},
  urldate={2022-11-30}
}

@incollection{botea2013pathfinding,
  title={Pathfinding in games},
  author={Botea, Adi and Bouzy, Bruno and Buro, Michael and Bauckhage, Christian and Nau, Dana},
  year={2013},
  booktitle={Artificial and Computational Intelligence in Games},
  pages={21--31},
  volume={6},
  publisher={Schloss Dagstuhl--Leibniz-Zentrum fuer Informatik},
  doi={10.4230/DFU.Vol6.12191.21}
}

@article{abd2015comprehensive,
  title={A comprehensive study on pathfinding techniques for robotics and video games},
  author={Abd Algfoor, Zeyad and Sunar, Mohd Shahrizal and Kolivand, Hoshang},
  journal={International Journal of Computer Games Technology},
  volume={2015},
  year={2015},
  publisher={Hindawi},
  doi={10.1155/2015/736138}
}

@article{cui2011based,
  title={A*-based pathfinding in modern computer games},
  author={Cui, Xiao and Shi, Hao},
  journal={International Journal of Computer Science and Network Security},
  volume={11},
  number={1},
  pages={125--130},
  year={2011},
  publisher={International Journal of Computer Science and Network Security}
}

@article{panov2018grid,
  title={Grid Path Planning with Deep Reinforcement Learning: Preliminary results},
  author={Panov, Aleksandr I. and Yakovlev, Konstantin S. and Suvorov, Roman},
  journal={Procedia Computer Science},
  volume={123},
  pages={347--353},
  year={2018},
  publisher={Elsevier},
  doi={10.1016/j.procs.2018.01.054}
}

@article{sharon2015conflict,
  title={Conflict-based search for optimal multi-agent pathfinding},
  author={Sharon, Guni and Stern, Roni and Felner, Ariel and Sturtevant, Nathan R.},
  journal={Artificial Intelligence},
  volume={219},
  pages={40--66},
  year={2015},
  publisher={Elsevier},
  doi={10.1016/j.artint.2014.11.006}
}

@inproceedings{demyen2006efficient,
  title={Efficient Triangulation-Based Pathfinding},
  author={Demyen, Douglas and Buro, Michael},
  booktitle = {Proceedings of the 21st National Conference on Artificial Intelligence - Volume 1},
  pages={942--947},
  year={2006},
  publisher={AAAI}
}

@article{dijkstra1959note,
  title={A note on two problems in connexion with graphs},
  author={Dijkstra, Edsger W},
  journal={Numerische mathematik},
  volume={1},
  number={1},
  pages={269--271},
  year={1959},
  doi={10.1007/BF01386390}
}

@article{hart1968formal,
  title={A Formal Basis for the Heuristic Determination of Minimum Cost Paths},
  author={Hart, Peter E. and Nilsson, Nils J. and Raphael, Bertram},
  journal={IEEE transactions on Systems Science and Cybernetics},
  volume={4},
  number={2},
  pages={100--107},
  year={1968},
  publisher={IEEE},
  doi={10.1109/TSSC.1968.300136}
}

@article{duchovn2014path,
  title={Path Planning with Modified a Star Algorithm for a Mobile Robot},
  author={Ducho{\v{n}}, Franti{\v{s}}ek and Babinec, Andrej and Kajan, Martin and Be{\v{n}}o, Peter and Florek, Martin and Fico, Tom{\'a}{\v{s}} and Juri{\v{s}}ica, Ladislav},
  journal={Procedia Engineering},
  volume={96},
  pages={59--69},
  year={2014},
  publisher={Elsevier},
  doi={10.1016/j.proeng.2014.12.098}
}

@article{jordan2015machine,
  title={Machine learning: Trends, perspectives, and prospects},
  author={Jordan, Michael I. and Mitchell, Tom M.},
  journal={Science},
  volume={349},
  number={6245},
  pages={255--260},
  year={2015},
  doi={10.1126/science.aaa8415}
}

@article{lawande2022systematic,
  title={A Systematic Review and Analysis of Intelligence-Based Pathfinding Algorithms in the Field of Video Games},
  author={Lawande, Sharmad Rajnish and Jasmine, Graceline and Anbarasi, Jani and Izhar, Lila Iznita},
  journal={Applied Sciences},
  volume={12},
  number={11},
  pages={5499},
  year={2022},
  publisher={Multidisciplinary Digital Publishing Institute},
  doi={10.3390/app12115499}
}

@inproceedings{stentz1994optimal,
  title={Optimal and efficient path planning for partially-known environments},
  author={Stentz, Anthony},
  booktitle={Proceedings of the 1994 IEEE International Conference on Robotics and Automation},
  pages={3310-3317},
  year={1994},
  doi={10.1109/ROBOT.1994.351061}
}

@inproceedings{stentz1995focussed,
  title={The focussed d\^{}* algorithm for real-time replanning},
  author={Stentz, Anthony},
  booktitle={Proceedings of the 14th International Joint Conference on Artificial Intelligence - Volume 2},
  pages={1652--1659},
  year={1995}
}

@article{koenig2005fast,
  title={Fast replanning for navigation in unknown terrain},
  author={Koenig, Sven and Likhachev, Maxim},
  journal={IEEE Transactions on Robotics},
  volume={21},
  number={3},
  pages={354--363},
  year={2005},
  publisher={IEEE},
  doi={10.1109/TRO.2004.838026}
}

@article{karur2021survey,
  title={A Survey of Path Planning Algorithms for Mobile Robots},
  author={Karur, Karthik and Sharma, Nitin and Dharmatti, Chinmay and Siegel, Joshua E.},
  journal={Vehicles},
  volume={3},
  number={3},
  pages={448--468},
  year={2021},
  publisher={MDPI},
  doi={10.3390/vehicles3030027}
}

@article{arulkumaran2017brief,
  title={Deep Reinforcement Learning: A Brief Survey},
  author={Arulkumaran, Kai and Deisenroth, Marc Peter and Brundage, Miles and Bharath, Anil Anthony},
  journal={IEEE Signal Processing Magazine},
  volume={34},
  number={6},
  pages={26--38},
  year={2017},
  doi={10.1109/MSP.2017.2743240}
}

@article{rahmani2022towards,
  title={Towards a human-like approach to path finding},
  author={Rahmani, Vahid and Pelechano, Nuria},
  journal={Computers \& Graphics},
  volume={102},
  pages={164--174},
  year={2022},
  publisher={Elsevier},
  doi={10.1016/j.cag.2021.08.020}
}

@inproceedings{sazaki2017pathfinding,
  title={Pathfinding car racing game using dynamic pathfinding algorithm and algorithm A*},
  author={Sazaki, Yoppy and Primanita, Anggina and Syahroyni, Muhammad},
  booktitle={2017 3rd International Conference on Wireless and Telematics (ICWT)},
  pages={164--169},
  year={2017},
  organization={IEEE},
  doi={10.1109/ICWT.2017.8284160}
}

@article{das2017survey,
  title={A survey on Machine Learning: Concept, Algorithms and Applications},
  author={Das, Kajaree and Behera, Rabi Narayan},
  journal={International Journal of Innovative Research in Computer and Communication Engineering},
  volume={5},
  number={2},
  year={2017}
}

@inproceedings{stern2019multi,
  title={Multi-agent pathfinding: Definitions, variants, and benchmarks},
  author={Stern, Roni and Sturtevant, Nathan R. and Felner, Ariel and Koenig, Sven and Ma, Hang and Walker, Thayne T. and Li, Jiaoyang and Atzmon, Dor and Cohen, Liron and Kumar, T.K. Satish and Boyarski, Eli and Bartak, Roman},
  booktitle={Symposium on Combinatorial Search},
  year={2019},
  doi={10.48550/arXiv.1906.08291}
}

@article{abdi2010principal,
  title={Principal component analysis},
  author={Abdi, Herv{\'e} and Williams, Lynne J.},
  journal={Wiley Interdisciplinary Reviews: Computational Statistics},
  volume={2},
  number={4},
  pages={433--459},
  year={2010},
  publisher={Wiley Online Library},
  doi={10.1002/wics.101}
}

@article{lecun2015deep,
  title={Deep learning},
  author={LeCun, Yann and Bengio, Yoshua and Hinton, Geoffrey},
  journal={Nature},
  volume={521},
  number={7553},
  pages={436--444},
  year={2015},
  doi={10.1038/nature14539}
}

@article{pouyanfar2018survey,
  title={A Survey on Deep Learning: Algorithms, Techniques, and Applications},
  author={Pouyanfar, Samira and Sadiq, Saad and Yan, Yilin and Tian, Haiman and Tao, Yudong and Reyes, Maria Presa and Shyu, Mei-Ling and Chen, Shu-Ching and Iyengar, Sundaraja S.},
  journal={ACM Computing Surveys},
  volume={51},
  number={5},
  pages={1--36},
  year={2018},
  publisher={Association for Computing Machinery},
  doi={10.1145/3234150}
}

@book{nielsen2015neural,
  title={Neural networks and deep learning},
  author={Nielsen, Michael A},
  year={2015},
  publisher={Determination press}
}

@article{li2018deep,
  title={Deep Reinforcement Learning},
  author={Li, Yuxi},
  journal={arXiv preprint arXiv:1810.06339},
  year={2018},
  doi={10.48550/arXiv.1810.06339}
}

@article{haarnoja2018app,
  title={Soft actor-critic algorithms and applications},
  author={Haarnoja, Tuomas and Zhou, Aurick and Hartikainen, Kristian and Tucker, George and Ha, Sehoon and Tan, Jie and Kumar, Vikash and Zhu, Henry and Gupta, Abhishek and Abbeel, Pieter and Levine, Sergey},
  journal={arXiv preprint arXiv:1812.05905},
  year={2018},
  doi={10.48550/arXiv.1812.05905}
}

@article{nasteski2017overview,
  title={An overview of the supervised machine learning methods},
  author={Nasteski, Vladimir},
  journal={Horizons},
  volume={4},
  pages={51--62},
  year={2017}
}

@article{osisanwo2017supervised,
  title={Supervised machine learning algorithms: classification and comparison},
  author={Osisanwo, F.Y. and Akinsola, J.E.T. and Awodele, O. and Hinmikaiye, J.O. and Olakanmi, O. and Akinjobi, J.},
  journal={International Journal of Computer Trends and Technology},
  volume={48},
  number={3},
  pages={128--138},
  year={2017}
}

@article{rish2001empirical,
  title={An empirical study of the naive Bayes classifier},
  author={Rish, Irina},
  journal={IJCAI 2001 Workshop on Empirical Methods in Artificial Intelligence},
  volume={3},
  number={22},
  pages={41--46},
  year={2001}
}

@article{cervantes2020comprehensive,
  title={A comprehensive survey on support vector machine classification: Applications, challenges and trends},
  author={Cervantes, Jair and Garcia-Lamont, Farid and Rodriguez-Mazahua, Lisbeth and Lopez, Asdrubal},
  journal={Neurocomputing},
  volume={408},
  pages={189--215},
  year={2020},
  publisher={Elsevier},
  doi={10.1016/j.neucom.2019.10.118}
}

@article{lei2018dynamic,
  title={Dynamic Path Planning of Unknown Environment Based on Deep Reinforcement Learning},
  author={Lei, Xiaoyun and Zhang, Zhian and Dong, Peifang},
  journal={Journal of Robotics},
  volume={2018},
  year={2018},
  publisher={Hindawi},
  doi={10.1155/2018/5781591}
}

@article{deisenroth2013survey,
  title={A Survey on Policy Search for Robotics},
  author={Deisenroth, Marc Peter and Neumann, Gerhard and Peters, Jan},
  journal={Foundations and Trends{\textregistered} in Robotics},
  volume={2},
  number={1--2},
  pages={1--142},
  year={2013},
  doi={10.1561/2300000021}
}

@article{mnih2015human,
  title={Human-level control through deep reinforcement learning},
  author={Mnih, Volodymyr and Kavukcuoglu, Koray and Silver, David and Rusu, Andrei A. and Veness, Joel and Bellemare, Marc G. and Graves, Alex and Riedmiller, Martin and Fidjeland, Andreas K. and Ostrovski, Georg and others},
  journal={Nature},
  volume={518},
  number={7540},
  pages={529--533},
  year={2015},
  doi={10.1038/nature14236}
}

@article{usama2019unsupervised,
  title={Unsupervised Machine Learning for Networking: Techniques, Applications and Research Challenges},
  author={Usama, Muhammad and Qadir, Junaid and Raza, Aunn and Arif, Hunain and Yau, Kok-Lim Alvin and Elkhatib, Yehia and Hussain, Amir and Al-Fuqaha, Ala},
  journal={IEEE Access},
  volume={7},
  pages={65579--65615},
  year={2019},
  doi={10.1109/ACCESS.2019.2916648}
}